
@article{Kumar:2013:HSD:2536274.2536314,
 author = {Kumar, K. Ashwin and Gluck, Jonathan and Deshpande, Amol and Lin, Jimmy},
 title = {Hone: "Scaling Down" Hadoop on Shared-memory Systems},
 journal = {Proc. VLDB Endow.},
 issue_date = {August 2013},
 volume = {6},
 number = {12},
 month = aug,
 year = {2013},
 issn = {2150-8097},
 pages = {1354--1357},
 numpages = {4},
 url = {http://dx.doi.org/10.14778/2536274.2536314},
 doi = {10.14778/2536274.2536314},
 acmid = {2536314},
 publisher = {VLDB Endowment},
} 


@article{Thompson_Farley_Barker_Gee_Stewart_2011,
 title={Disruptor: High performance alternative to bounded queues for exchanging data between concurrent threads},
 url={http://lmax-exchange.github.io/disruptor/files/Disruptor-1.0.pdf},
 author={Thompson, Martin and Farley, Dave and Barker, Michael and Gee, Patricia and Stewart, Andrew},
 year={2011},
 month={May}
}

