

@article{Kumar:2013:HSD:2536274.2536314,
  author    = {K. Ashwin Kumar and
               Jonathan Gluck and
               Amol Deshpande and
               Jimmy Lin},
  title     = {Hone: "Scaling Down" Hadoop on Shared-Memory Systems},
  journal   = {{PVLDB}},
  volume    = {6},
  number    = {12},
  pages     = {1354--1357},
  year      = {2013},
  url       = {http://www.vldb.org/pvldb/vol6/p1354-kumar.pdf},
  timestamp = {Mon, 14 Oct 2013 15:18:58 +0200},
  biburl    = {http://dblp.uni-trier.de/rec/bib/journals/pvldb/KumarGDL13},
  bibsource = {dblp computer science bibliography, http://dblp.org}
}


@article{Thompson_Farley_Barker_Gee_Stewart_2011,
 title={Disruptor: High performance alternative to bounded queues for exchanging data between concurrent threads},
 url={http://lmax-exchange.github.io/disruptor/files/Disruptor-1.0.pdf},
 urldate={2015-03-25},
 author={Thompson, Martin and Farley, Dave and Barker, Michael and Gee, Patricia and Stewart, Andrew},
 year={2011},
 month=may
}


@inproceedings{Toshniwal:2014:STO:2588555.2595641,
 author = {Toshniwal, Ankit and Taneja, Siddarth and Shukla, Amit and Ramasamy, Karthik and Patel, Jignesh M. and Kulkarni, Sanjeev and Jackson, Jason and Gade, Krishna and Fu, Maosong and Donham, Jake and Bhagat, Nikunj and Mittal, Sailesh and Ryaboy, Dmitriy},
 title = {Storm@Twitter},
 booktitle = {Proceedings of the 2014 ACM SIGMOD International Conference on Management of Data},
 series = {SIGMOD '14},
 year = {2014},
 isbn = {978-1-4503-2376-5},
 location = {Snowbird, Utah, USA},
 pages = {147--156},
 numpages = {10},
 url = {http://doi.acm.org/10.1145/2588555.2595641},
 doi = {10.1145/2588555.2595641},
 acmid = {2595641},
 publisher = {ACM},
 address = {New York, NY, USA},
 keywords = {real-time query processing, stream data management}
}


@Online{Marz_2014,
 title={History of Apache Storm and lessons learned - thoughts from the red planet - thoughts from the red planet},
 url={http://nathanmarz.com/blog/history-of-apache-storm-and-lessons-learned.html},
 author={Marz, Nathan},
 year={2014},
 urldate={2015-03-15},
 month=oct
}

@Online{ApacheKafka,
 howpublished={http://kafka.apache.org},
 url={http://kafka.apache.org},
 title={Apache {Kafka}},
 label={Apache {Kafka}},
 urldate={2015-03-15},
 date={2015}
}

@Online{RabbitMQ,
 howpublished={http://www.rabbitmq.com},
 url={http://www.rabbitmq.com},
 title="Rabbit {M}{Q}",
 label="Rabbit {M}{Q}",
 urldate={2015-03-15},
 date={2015}
}

@Online{ApacheZookeeper,
 howpublished={http://zookeeper.apache.org},
 url={http://zookeeper.apache.org},
 title={Apache {Zookeeper}},
 label={Apache {Zookeeper}},
 urldate={2015-03-15},
 date={2015}
}

@Online{ApacheThrift,
 howpublished={https://thrift.apache.org},
 url={https://thrift.apache.org},
 title={Apache {T}hrift},
 label={Apache {T}hrift},
 urldate={2015-03-15},
 date={2015}
}

@Online{Netty,
 howpublished={http://netty.io},
 url={http://netty.io},
 title={Netty},
 label={Netty},
 urldate={2015-03-15},
 date={2015}
}

@inproceedings{Chandra:2005:PIC:1042442.1043432,
 author = {Chandra, Dhruba and Guo, Fei and Kim, Seongbeom and Solihin, Yan},
 title = {Predicting Inter-Thread Cache Contention on a Chip Multi-Processor Architecture},
 booktitle = {Proceedings of the 11th International Symposium on High-Performance Computer Architecture},
 series = {HPCA '05},
 year = {2005},
 isbn = {0-7695-2275-0},
 pages = {340--351},
 numpages = {12},
 url = {http://dx.doi.org/10.1109/HPCA.2005.27},
 doi = {10.1109/HPCA.2005.27},
 acmid = {1043432},
 publisher = {IEEE Computer Society},
 address = {Washington, DC, USA},
}

@inproceedings{Chatzistergiou:2014:FHN:2661829.2661882,
 author = {Chatzistergiou, Andreas and Viglas, Stratis D.},
 title = {Fast Heuristics for Near-Optimal Task Allocation in Data Stream Processing over Clusters},
 booktitle = {Proceedings of the 23rd ACM International Conference on Conference on Information and Knowledge Management},
 series = {CIKM '14},
 year = {2014},
 isbn = {978-1-4503-2598-1},
 location = {Shanghai, China},
 pages = {1579--1588},
 numpages = {10},
 url = {http://doi.acm.org/10.1145/2661829.2661882},
 doi = {10.1145/2661829.2661882},
 acmid = {2661882},
 publisher = {ACM},
 keywords = {data stream processing, distributed and real-time computation, resource utilization, task allocation},
}
@Online{DisruptorWiki,
 url={https://github.com/LMAX-Exchange/disruptor/wiki/Performance-Results},
 howpublished={https://github.com/LMAX-Exchange/disruptor/wiki/Performance-Results},
 title={{LMAX} {Disruptor} {Wiki}},
 label={{LMAX} {Disruptor} {Wiki}},
 urldate={2015-03-20},
 date={2015}
}

@Online{LMAXDisruptor,
 url={https://lmax-exchange.github.io/disruptor/},
 howpublished={https://lmax-exchange.github.io/disruptor/},
 title={{LMAX} {Disruptor}},
 label={{LMAX} {Disruptor}},
 urldate={2015-03-20},
 date={2015}
}

@article{golab2003issues,
  author    = {Lukasz Golab and
               M. Tamer {\"{O}}zsu},
  title     = {Issues in data stream management},
  journal   = {{SIGMOD} Record},
  volume    = {32},
  number    = {2},
  pages     = {5--14},
  year      = {2003},
  url       = {http://doi.acm.org/10.1145/776985.776986},
  doi       = {10.1145/776985.776986},
  timestamp = {Wed, 19 Sep 2012 09:16:25 +0200},
  biburl    = {http://dblp.uni-trier.de/rec/bib/journals/sigmod/GolabO03},
  bibsource = {dblp computer science bibliography, http://dblp.org}
}

@article{Gaber:2005:MDS:1083784.1083789,
 author = {Gaber, Mohamed Medhat and Zaslavsky, Arkady and Krishnaswamy, Shonali},
 title = {Mining Data Streams: A Review},
 journal = {SIGMOD Rec.},
 issue_date = {June 2005},
 volume = {34},
 number = {2},
 month = jun,
 year = {2005},
 issn = {0163-5808},
 pages = {18--26},
 numpages = {9},
 url = {http://doi.acm.org/10.1145/1083784.1083789},
 doi = {10.1145/1083784.1083789},
 acmid = {1083789},
 publisher = {ACM},
 address = {New York, NY, USA},
}

@article{Bifet:2010:MMO:1756006.1859903,
 author = {Bifet, Albert and Holmes, Geoff and Kirkby, Richard and Pfahringer, Bernhard},
 title = {MOA: Massive Online Analysis},
 journal = {J. Mach. Learn. Res.},
 issue_date = {3/1/2010},
 volume = {11},
 month = aug,
 year = {2010},
 issn = {1532-4435},
 pages = {1601--1604},
 numpages = {4},
 url = {http://dl.acm.org/citation.cfm?id=1756006.1859903},
 acmid = {1859903},
 publisher = {JMLR.org},
}

@INPROCEEDINGS{Holmes1994,
  AUTHOR = {Holmes, G. and Donkin, A. and Witten, I.H.},
  TITLE = {WEKA: A Machine Learning Workbench},
  BOOKTITLE = {Proc Second Australia and New Zealand Conference on Intelligent Information Systems},
  ADDRESS = {Brisbane, Australia},
  YEAR = {1994},
  ABSTRACT = {WEKA is a workbench for machine learning that is intended to aid in the application of machine learning techniques to a variety of real-world problems, in particular, those arising from agricultural and horticultural domains. Unlike other machine learning projects, the emphasis is on providing a working environment for the domain specialist rather than the machine learning expert. Lessons learned include the necessity of providing a wealth of interactive tools for data manipulation, result visualization, database linkage, and cross-validation and comparison of rule sets, to complement the basic machine learning tools.},
  PDF = {http://www.cs.waikato.ac.nz/~ml/publications/1994/Holmes-ANZIIS-WEKA.pdf},
  PS = {http://www.cs.waikato.ac.nz/~ml/publications/1994/Holmes-ANZIIS-WEKA.ps.gz}
}

@Online{NathanAbout,
 url={http://nathanmarz.com/about/},
 howpublished={http://nathanmarz.com/about/},
 author={Marz, Nathan},
 title={About {Me}},
 label={About {Me}},
 urldate={2015-03-20},
 year={2015}
}


@Online{ApacheSpark,
 url={https://spark.apache.org},
 howpublished={https://spark.apache.org},
 title={Apache {Spark}},
 label={Apache {Spark}},
 urldate={2015-03-20},
 year={2015}
}


@Online{ApacheStorm,
 url={https://storm.apache.org},
 howpublished={https://storm.apache.org},
 title={Apache {Storm}},
 label={Apache {Storm}},
 urldate={2015-03-20},
 year={2015}
}


@Online{Solovey,
 title={Handling five billion sessions a day – in real time},
 label={Handling five billion sessions a day – in real time},
 url={https://blog.twitter.com/2015/handling-five-billion-sessions-a-day-in-real-time},
 howpublished={https://blog.twitter.com/2015/handling-five-billion-sessions-a-day-in-real-time},
 author={Solovey, Ed},
 urldate={2015-03-20},
 year={2015}
}

@article{Herlihy:2008:DCM:1360443.1360458,
 author = {Herlihy, Maurice and Luchangco, Victor},
 title = {Distributed Computing and the Multicore Revolution},
 journal = {SIGACT News},
 issue_date = {March 2008},
 volume = {39},
 number = {1},
 month = mar,
 year = {2008},
 issn = {0163-5700},
 pages = {62--72},
 numpages = {11},
 url = {http://doi.acm.org/10.1145/1360443.1360458},
 doi = {10.1145/1360443.1360458},
 acmid = {1360458},
 publisher = {ACM},
 address = {New York, NY, USA},
}

@Online{EsotericKryo,
 url={https://github.com/EsotericSoftware/kryo},
 howpublished={https://github.com/EsotericSoftware/kryo},
 title={Esoteric {Software} {Kryo}},
 label={Esoteric {Software} {Kryo}},
 urldate={2015-03-20},
 year={2015}
}

@inproceedings{ranger2007evaluating,
  title={Evaluating mapreduce for multi-core and multiprocessor systems},
  author={Ranger, Colby and Raghuraman, Ramanan and Penmetsa, Arun and Bradski, Gary and Kozyrakis, Christos},
  booktitle={High Performance Computer Architecture, 2007. HPCA 2007. IEEE 13th International Symposium on},
  pages={13--24},
  year={2007},
  organization={Ieee}
}

@INBOOK{akhter2006multi,
  title={Multi-core programming},
  author={Akhter, Shameen and Roberts, Jason},
  volume={33},
  year={2006},
  PAGES={11},
  publisher={Intel press Hillsboro}
}

@article{kalelightning,
  title={Lightning CEP-High Performance \& Low Latency Complex Event Processor},
  author={Kale, Vikas and Shedge, Kishor}
}

@Online{YahooS4,
 url={http://incubator.apache.org/s4},
 howpublished={http://incubator.apache.org/s4},
 title={Apache {S4}},
 label={Apache {S4}},
 urldate={2015-03-20},
 year={2015}
}

@inproceedings{Prat-Perez:2013:PPM:2450027.2450037,
 author = {Prat-P{\'e}rez, Arnau and Dominguez-Sal, David and Larriba-Pey, Josep-Lluis and Trancoso, Pedro},
 title = {Producer-Consumer: The Programming Model for Future Many-core Processors},
 booktitle = {Proceedings of the 26th International Conference on Architecture of Computing Systems},
 series = {ARCS'13},
 year = {2013},
 isbn = {978-3-642-36423-5},
 location = {Prague, Czech Republic},
 pages = {110--121},
 numpages = {12},
 url = {http://dx.doi.org/10.1007/978-3-642-36424-2_10},
 doi = {10.1007/978-3-642-36424-2_10},
 acmid = {2450037},
 publisher = {Springer-Verlag}
}

@Online{JavaThreads,
 title={Java {Thread} {Documentation}},
 label={Java {Thread} {Documentation}},
 url={http://docs.oracle.com/javase/7/docs/api/java/lang/Thread.html},
 howpublished={http://incubator.apache.org/s4/},
 urldate={2015-03-22},
 year={2015}
}

@Online{TwitterStreaming,
 title={The {Streaming} {APIs}},
 label={The {Streaming} {APIs}},
 url={https://dev.twitter.com/streaming/overview},
 howpublished={https://dev.twitter.com/streaming/overview},
 urldate={2015-03-24},
 date={2015}
}

@book{gamma1994design,
  title={Design patterns: elements of reusable object-oriented software},
  author={Gamma, Erich and Helm, Richard and Johnson, Ralph and Vlissides, John},
  pages = {97--106},
  year={1994},
  publisher={Pearson Education}
}

@Online{InfoSphereStreams,
 title={{IBM} - {InfoSphere} {Streams}},
 label={{IBM} - {InfoSphere} {Streams}},
 url={http://www.ibm.com/software/products/en/infosphere-streams},
 howpublished={http://www.ibm.com/software/products/en/infosphere-streams},
 date={2015},
 urldate={2015-03-24},
}

@misc{UnixTop,
 url={http://linux.die.net/man/1/top},
 howpublished={http://linux.die.net/man/1/top},
 title={top manual page},
 urldate={2015-03-24},
 year={2015},
 author={Warner, Jim}
}

@article{dean2010mapreduce,
  author    = {Jeffrey Dean and
               Sanjay Ghemawat},
  title     = {MapReduce: a flexible data processing tool},
  journal   = {Commun. {ACM}},
  volume    = {53},
  number    = {1},
  pages     = {72--77},
  year      = {2010},
  url       = {http://doi.acm.org/10.1145/1629175.1629198},
  doi       = {10.1145/1629175.1629198},
  timestamp = {Mon, 26 Apr 2010 14:47:08 +0200},
  biburl    = {http://dblp.uni-trier.de/rec/bib/journals/cacm/DeanG10},
  bibsource = {dblp computer science bibliography, http://dblp.org}
}

@Online{ApacheHadoop,
 title={Apache {Hadoop}},
 label={Apache {Hadoop}},
 url={https://hadoop.apache.org},
 howpublished={https://hadoop.apache.org},
 urldate={2015-03-25},
 date={2015}
}


@Online{PoweredBy,
 title={Apache {Storm}: {Powered} {By}},
 label={Apache {Storm}: {Powered} {By}},
 url={https://storm.apache.org/documentation/Powered-By.html},
 howpublished={https://storm.apache.org/documentation/Powered-By.html},
 urldate={2015-03-25},
 date={2014}
}


@article{Chang:2008:BDS:1365815.1365816,
 author = {Chang, Fay and Dean, Jeffrey and Ghemawat, Sanjay and Hsieh, Wilson C. and Wallach, Deborah A. and Burrows, Mike and Chandra, Tushar and Fikes, Andrew and Gruber, Robert E.},
 title = {Bigtable: A Distributed Storage System for Structured Data},
 journal = {ACM Trans. Comput. Syst.},
 issue_date = {June 2008},
 volume = {26},
 number = {2},
 month = jun,
 year = {2008},
 issn = {0734-2071},
 pages = {4:1--4:26},
 articleno = {4},
 numpages = {26},
 url = {http://doi.acm.org/10.1145/1365815.1365816},
 doi = {10.1145/1365815.1365816},
 acmid = {1365816},
 publisher = {ACM},
 address = {New York, NY, USA},
 keywords = {Large-Scale Distributed Storage},
}


@inproceedings{DBLP:conf/isca/Lotfi-KamranGFVKPAJIOF12,
  author    = {Pejman Lotfi{-}Kamran and
               Boris Grot and
               Michael Ferdman and
               Stavros Volos and
               Yusuf Onur Ko{\c{c}}berber and
               Javier Picorel and
               Almutaz Adileh and
               Djordje Jevdjic and
               Sachin Idgunji and
               Emre {\"{O}}zer and
               Babak Falsafi},
  title     = {Scale-out processors},
  booktitle = {39th International Symposium on Computer Architecture {(ISCA} 2012),
               June 9-13, 2012, Portland, OR, {USA}},
  pages     = {500--511},
  year      = {2012},
  crossref  = {DBLP:conf/isca/2012},
  url       = {http://dx.doi.org/10.1109/ISCA.2012.6237043},
  doi       = {10.1109/ISCA.2012.6237043},
  timestamp = {Thu, 16 Oct 2014 17:35:17 +0200},
  biburl    = {http://dblp.uni-trier.de/rec/bib/conf/isca/Lotfi-KamranGFVKPAJIOF12},
  bibsource = {dblp computer science bibliography, http://dblp.org}
}

@proceedings{DBLP:conf/isca/2012,
  title     = {39th International Symposium on Computer Architecture {(ISCA} 2012),
               June 9-13, 2012, Portland, OR, {USA}},
  publisher = {{IEEE} Computer Society},
  year      = {2012},
  url       = {http://ieeexplore.ieee.org/xpl/mostRecentIssue.jsp?punumber=6230820},
  isbn      = {978-1-4673-0475-7},
  timestamp = {Thu, 16 Oct 2014 17:35:15 +0200},
  biburl    = {http://dblp.uni-trier.de/rec/bib/conf/isca/2012},
  bibsource = {dblp computer science bibliography, http://dblp.org}
}

@Online{Tilera,
  title={Tilera Sees Opening in Clouds},
  author={Wheeler, Bob},
  journal={Linley Wire},
  url={http://www.linleygroup.com/newsletters/newsletter_detail.php?num=4732},
  howpublished={http://www.linleygroup.com/newsletters/newsletter_detail.php?num=4732},
  month=jul,
  urldate={2015-03-26},
  year={2011},
}

@misc{Cloc,
 url={http://cloc.sourceforge.net},
 howpublished={http://cloc.sourceforge.net},
 title={cloc},
 urldate={2015-03-26},
 year={2014},
 author={Danial, Al}
}



@Online{ApacheHBase,
 title={Apache {HBase}},
 label={Apache {HBase}},
 url={http://hbase.apache.org},
 howpublished={http://hbase.apache.org},
 urldate={2015-03-27},
 date={2015}
}


@inproceedings{DBLP:conf/fedcsis/ChandrasekaranSA14,
  author    = {K. Chandrasekaran and
               Siddharth Santurkar and
               Abhishek Arora},
  title     = {Stormgen - {A} Domain specific language to create ad-hoc Storm Topologies},
  booktitle = {Proceedings of the 2014 Federated Conference on Computer Science and
               Information Systems, Warsaw, Poland, September 7-10, 2014.},
  pages     = {1621--1628},
  year      = {2014},
  crossref  = {DBLP:conf/fedcsis/2014},
  url       = {http://dx.doi.org/10.15439/2014F278},
  doi       = {10.15439/2014F278},
  timestamp = {Fri, 06 Feb 2015 14:18:04 +0100},
  biburl    = {http://dblp.uni-trier.de/rec/bib/conf/fedcsis/ChandrasekaranSA14},
  bibsource = {dblp computer science bibliography, http://dblp.org}
}

@proceedings{DBLP:conf/fedcsis/2014,
  editor    = {Maria Ganzha and
               Leszek A. Maciaszek and
               Marcin Paprzycki},
  title     = {Proceedings of the 2014 Federated Conference on Computer Science and
               Information Systems, Warsaw, Poland, September 7-10, 2014},
  year      = {2014},
  url       = {http://dx.doi.org/10.15439/978-83-60810-58-3},
  doi       = {10.15439/978-83-60810-58-3},
  isbn      = {978-83-60810-58-3},
  timestamp = {Wed, 15 Oct 2014 19:22:08 +0200},
  biburl    = {http://dblp.uni-trier.de/rec/bib/conf/fedcsis/2014},
  bibsource = {dblp computer science bibliography, http://dblp.org}
}

@article{dimsonhailstorm,
  title={Hailstorm: Distributed Stream Processing with Exactly Once Semantics},
  author={Dimson, Thomas and Ganjoo, Milind},
  url={http://www.scs.stanford.edu/14sp-cs240h/projects/dimson_ganjoo.pdf},
  urldate={2015-03-25},
  year={2014}
}


@inproceedings{Aniello_Baldoni_Querzoni_2013,
  author    = {Leonardo Aniello and
               Roberto Baldoni and
               Leonardo Querzoni},
  title     = {Adaptive online scheduling in storm},
  booktitle = {The 7th {ACM} International Conference on Distributed Event-Based
               Systems, {DEBS} '13, Arlington, TX, {USA} - June 29 - July 03, 2013},
  pages     = {207--218},
  year      = {2013},
  crossref  = {DBLP:conf/debs/2013},
  url       = {http://doi.acm.org/10.1145/2488222.2488267},
  doi       = {10.1145/2488222.2488267},
  timestamp = {Tue, 09 Jul 2013 20:25:39 +0200},
  biburl    = {http://dblp.uni-trier.de/rec/bib/conf/debs/AnielloBQ13},
  bibsource = {dblp computer science bibliography, http://dblp.org}
}

@proceedings{DBLP:conf/debs/2013,
  editor    = {Sharma Chakravarthy and
               Susan Darling Urban and
               Peter Pietzuch and
               Elke A. Rundensteiner},
  title     = {The 7th {ACM} International Conference on Distributed Event-Based
               Systems, {DEBS} '13, Arlington, TX, {USA} - June 29 - July 03, 2013},
  publisher = {{ACM}},
  year      = {2013},
  url       = {http://dl.acm.org/citation.cfm?id=2488222},
  isbn      = {978-1-4503-1758-0},
  timestamp = {Tue, 09 Jul 2013 20:21:21 +0200},
  biburl    = {http://dblp.uni-trier.de/rec/bib/conf/debs/2013},
  bibsource = {dblp computer science bibliography, http://dblp.org}
}


@article{rainatwitter,
  title={Twitter Sentiment Analysis using Apache Storm},
  author={Raina, Ishana and Gujar, Sourabh and Shah, Parth and Desai, Aishwarya and Bodkhe, Balaji},
  pages     = {23--26},
  journal={International Journal of Recent Technology and Engineering(TM)},
  year      = {2014}, 
    volume    = {3},
     issn = {2277-3878},
}